@article{Taylor2018,
title={Forecasting at scale},
author={Taylor, S. J. and Letham, B.},
journal={The American Statistician},
volume={72},
number={1},
pages={37--45},
year={2018},
doi={10.1080/00031305.2017.1380080},
url={https://peerj.com/preprints/3190/}
}

@article{Reimers2019,
title={Sentence-BERT: Sentence Embeddings using Siamese BERT-Networks},
author={Reimers, N. and Gurevych, I.},
journal={arXiv preprint arXiv:1908.10084},
year={2019},
url={https://arxiv.org/abs/1908.10084}
}

@article{Motrenko2014,
title={Extracting fundamental periods to segment biomedical signals},
author={Motrenko, A. and Strijov, V.},
year={2014},
url={https://m1p.org/papers/MotrenkoStrijov2014RV2.pdf}
}

@article{Das2020VAE,
title={Foundation of Variational Autoencoder (VAE)},
author={Das, A.},
year={2020},
url={https://ayandas.me/blog-tut/2020/01/01/variational-autoencoder.html}
}

@article{Grabovoy2019,
title={Quasi-periodic time series clustering for human activity recognition},
author={Grabovoy, A. V. and Strijov, V. V.},
year={2019},
url={https://m1p.org/papers/Grabovoy2019QuasiPeriodicTimeSeries.pdf}
}

@article{Uvarov2018,
title={Selection of superposition of models for railway freight forecasting},
author={Uvarov, N. D. and Kuznetsov, M. P. and Malkova, A. S. and Rudakov, K. V. and Strijov, V. V.},
year={2018},
url={https://m1p.org/papers/Uvarov2018SuperpositionForecasting_eng.pdf}
}

@book{Shumway2000,
title={Time series analysis and its applications},
author={Shumway, R. H. and Stoffer, D. S. and Stoffer, D. S.},
volume={3},
year={2000},
publisher={Springer}
}

@article{Gardner1985,
title={Exponential smoothing: The state of the art},
author={Gardner, E. S.},
journal={Journal of Forecasting},
year={1985}
}

@book{Bouchaud2018,
title={Trades, Quotes and Prices, Financial Markets Under the Microscope},
author={Bouchaud, J.-P. and Bonart, J. and Donier, J. and Gould, M.},
publisher={Cambridge University Press},
year={2018},
url={https://www.cambridge.org/core/books/trades-quotes-and-prices/029A71078EE4C41C0D5D4574211AB1B5}
}

@article{Garleanu2013,
title={Dynamic Trading with Predictable Returns and Transaction Costs},
author={GË†arleanu, N. and Pedersen, L. H.},
year={2013},
url={https://papers.ssrn.com/sol3/papers.cfm?abstract_id=1364170}
}

@misc{TwitterTrends,
title={Twitter Trending Tweets},
url={https://www.kaggle.com/datasets/rsrishav/twitter-trending-tweets}
}

@misc{YouTubeTrends,
title={YouTube Trending Video Dataset},
url={https://www.kaggle.com/datasets/rsrishav/youtube-trending-video-dataset}
}

@misc{SentenceTransformers,
title={Sentence Transformers: all-MiniLM-L12-v2 t},
url={https://huggingface.co/sentence-transformers/all-MiniLM-L12-v2}
}

@article{blei2003latent,
  title={Latent dirichlet allocation},
  author={Blei, David M and Ng, Andrew Y and Jordan, Michael I},
  journal={Journal of machine Learning research},
  volume={3},
  number={Jan},
  pages={993--1022},
  year={2003}
}


@inproceedings{roder2015exploring,
  title={Exploring the space of topic coherence measures},
  author={R{\"o}der, Michael and Both, Andreas and Hinneburg, Alexander},
  booktitle={Proceedings of the eighth ACM international conference on Web search and data mining},
  pages={399--408},
  year={2015}
}

@article{holt2004forecasting,
  title={Forecasting seasonals and trends by exponentially weighted moving averages},
  author={Holt, Charles C},
  journal={International journal of forecasting},
  volume={20},
  number={1},
  pages={5--10},
  year={2004},
  publisher={Elsevier}
}

@article{sinaga2020unsupervised,
  title={Unsupervised K-means clustering algorithm},
  author={Sinaga, Kristina P and Yang, Miin-Shen},
  journal={IEEE access},
  volume={8},
  pages={80716--80727},
  year={2020},
  publisher={IEEE}
}

@inproceedings{rappaz2019dynamic,
  title={A dynamic embedding model of the media landscape},
  author={Rappaz, J{\'e}r{\'e}mie and Bourgeois, Dylan and Aberer, Karl},
  booktitle={The World Wide Web Conference},
  pages={1544--1554},
  year={2019}
}

@article{choi2012predicting,
  title={Predicting the present with Google Trends},
  author={Choi, Hyunyoung and Varian, Hal},
  journal={Economic record},
  volume={88},
  pages={2--9},
  year={2012},
  publisher={Wiley Online Library}
}


